<record><leader>00000cas a22000007a 4500</leader><controlfield tag="001">20535318</controlfield><controlfield tag="008">891023d18911905mduwr ne      0    0eng d</controlfield><datafield ind1=" " ind2=" " tag="010"><subfield code="a">sn 89060220 </subfield></datafield><datafield ind1=" " ind2=" " tag="040"><subfield code="a">MFN</subfield><subfield code="b">eng</subfield><subfield code="c">MFN</subfield><subfield code="d">OCLCQ</subfield></datafield><datafield ind1=" " ind2=" " tag="042"><subfield code="a">msc</subfield></datafield><datafield ind1="0" ind2=" " tag="130"><subfield code="a">Brunswick herald (Brunswick, Md.)</subfield></datafield><datafield ind1="1" ind2="4" tag="245"><subfield code="a">The Brunswick herald.</subfield></datafield><datafield ind1=" " ind2=" " tag="260"><subfield code="a">Brunswick, Md. :</subfield><subfield code="b">E.C. Unger &amp; E.C. Shafer</subfield></datafield><datafield ind1=" " ind2=" " tag="300"><subfield code="a">v.</subfield></datafield><datafield ind1=" " ind2=" " tag="310"><subfield code="a">Weekly</subfield></datafield><datafield ind1="0" ind2=" " tag="362"><subfield code="a">Vol. 1, no. 1 (Mar. 6, 1891)-v. 14, no. 52 (Feb. 24, 1905).</subfield></datafield><datafield ind1=" " ind2=" " tag="752"><subfield code="a">United States</subfield><subfield code="b">Maryland</subfield><subfield code="c">Frederick</subfield><subfield code="d">Brunswick.</subfield></datafield><datafield ind1="0" ind2="0" tag="785"><subfield code="t">Brunswick herald and Loudoun County, Va., advertiser</subfield><subfield code="w">(DLC)sn 89060221</subfield></datafield></record>